%% This BibTeX bibliography file was created using BibDesk.
%% https://bibdesk.sourceforge.io/

%% Created for Miles Efron at 2024-02-05 11:53:52 -0500 


%% Saved with string encoding Unicode (UTF-8) 



@techreport{darden:2021,
	date-added = {2024-02-05 10:34:09 -0500},
	date-modified = {2024-02-05 10:36:54 -0500},
	institution = {Darden School of Business},
	lastchecked = {December 6, 2023},
	title = {Darden Intelligence Briefing},
	url = {https://www.darden.virginia.edu/sites/default/files/2021-10/AI-Briefing-FINAL.pdf},
	year = {2021},
	bdsk-url-1 = {https://www.darden.virginia.edu/sites/default/files/2021-10/AI-Briefing-FINAL.pdf}}

@webpage{heny:2023,
	author = {Natasha Heny and Andrew Pennock},
	date-added = {2024-02-05 10:36:56 -0500},
	date-modified = {2024-02-05 10:38:44 -0500},
	institution = {University of Virginia},
	lastchecked = {December 7, 2023},
	title = {Report of the Generative AI in Teaching and Learning Task Force},
	url = {https://provost.virginia.edu/sites/provost/files/Gen-AI%20in%20Teaching%20%26%20Learning%20final_508_0.pdf},
	year = {2023},
	bdsk-url-1 = {https://provost.virginia.edu/sites/provost/files/Gen-AI%20in%20Teaching%20%26%20Learning%20final_508_0.pdf}}

@techreport{mckenzie:2023,
	author = {Brian McKenzie},
	date-added = {2024-02-05 10:39:15 -0500},
	date-modified = {2024-02-05 10:41:05 -0500},
	institution = {UVA Today},
	lastchecked = {January 28, 2024},
	title = {Is that Real? Deepfakes could Pose Danger to Free Elections.},
	url = {https://news.virginia.edu/content/real-deepfakes-could-pose-danger-free-elections},
	year = {2023},
	bdsk-url-1 = {https://news.virginia.edu/content/real-deepfakes-could-pose-danger-free-elections}}

@techreport{sds:2023,
	author = {{SDS}},
	date-added = {2024-02-05 11:35:40 -0500},
	date-modified = {2024-02-05 11:53:52 -0500},
	institution = {School of Data Science},
	lastchecked = {January 10, 2024},
	title = {What is Data Science?},
	url = {https://datascience.virginia.edu/pages/what-data-science},
	urldate = {2024},
	year = {2023},
	bdsk-url-1 = {https://datascience.virginia.edu/pages/what-data-science}}

@misc{shazeer:2017,
	archiveprefix = {arXiv},
	author = {Noam Shazeer and Azalia Mirhoseini and Krzysztof Maziarz and Andy Davis and Quoc Le and Geoffrey Hinton and Jeff Dean},
	eprint = {1701.06538},
	primaryclass = {cs.LG},
	title = {Outrageously Large Neural Networks: The Sparsely-Gated Mixture-of-Experts Layer},
	year = {2017}}

@misc{vaswani:2023,
	archiveprefix = {arXiv},
	author = {Ashish Vaswani and Noam Shazeer and Niki Parmar and Jakob Uszkoreit and Llion Jones and Aidan N. Gomez and Lukasz Kaiser and Illia Polosukhin},
	date-added = {2024-02-05 10:53:24 -0500},
	date-modified = {2024-02-05 10:53:39 -0500},
	eprint = {1706.03762},
	primaryclass = {cs.CL},
	title = {Attention Is All You Need},
	year = {2023}}

@misc{wang:2023,
	archiveprefix = {arXiv},
	author = {Yizhong Wang and Yeganeh Kordi and Swaroop Mishra and Alisa Liu and Noah A. Smith and Daniel Khashabi and Hannaneh Hajishirzi},
	date-added = {2024-02-05 10:54:52 -0500},
	date-modified = {2024-02-05 10:55:04 -0500},
	eprint = {2212.10560},
	primaryclass = {cs.CL},
	title = {Self-Instruct: Aligning Language Models with Self-Generated Instructions},
	year = {2023}}

@article{wei:2022,
	author = {Jason Wei and Yi Tay and Rishi Bommasani and Colin Raffel and Barret Zoph and Sebastian Borgeaud and Dani Yogatama and Maarten Bosma and Denny Zhou and Donald Metzler and Ed H. Chi and Tatsunori Hashimoto and Oriol Vinyals and Percy Liang and Jeff Dean and William Fedus},
	date-added = {2024-02-05 10:55:30 -0500},
	date-modified = {2024-02-05 10:55:38 -0500},
	issn = {2835-8856},
	journal = {Transactions on Machine Learning Research},
	note = {Survey Certification},
	title = {Emergent Abilities of Large Language Models},
	url = {https://openreview.net/forum?id=yzkSU5zdwD},
	year = {2022},
	bdsk-url-1 = {https://openreview.net/forum?id=yzkSU5zdwD}}
